@inproceedings{brewer1989chinese,
	title={The chinese wall security policy},
	author={Brewer, David FC and Nash, Michael J},
	booktitle={Security and Privacy, 1989. Proceedings., 1989 IEEE Symposium on},
	pages={206--214},
	year={1989},
	organization={IEEE}
}

@ARTICLE{HRU,
  author = {Michael A. Harrison and Walter L. Ruzzo and Jeffrey D. Ullman},
  title = {Protection in Operating Systems},
  journal = {Communications of the ACM},
  year = 1976,
  volume = 19,
  number = 8,
  pages = 11
}
